@article{doad2013review,
  title={A Review: Study of Various Clustering Techniques},
  author={Doad, PK and Bartere, MM},
  journal={International Journal of Engineering Research \& Technology},
  volume={2},
  number={11},
  pages={3141--3145},
  year={2013}
}
@article{mining2006data,
  title={Data mining: Concepts and techniques},
  author={Mining, What Is Data},
  journal={Morgan Kaufinann},
  volume={10},
  pages={559--569},
  year={2006}
}
@article{mlmcgraw,
  title={McGraw-Hill},
  author={Mitchell, Tom M and Learning, Machine},
  journal={New York},
  pages={154--200},
  year={1997}
}
@article{knn-info,
  author={Cover, T. and Hart, P.},
  journal={IEEE Transactions on Information Theory}, 
  title={Nearest neighbor pattern classification}, 
  year={1967},
  volume={13},
  number={1},
  pages={21-27},
  doi={10.1109/TIT.1967.1053964}}
@article{levine1993self,
  title={A self-administered questionnaire for the assessment of severity of symptoms and functional status in carpal tunnel syndrome.},
  author={Levine, David W and Simmons, Barry P and Koris, Mark J and Daltroy, Lawren H and Hohl, Gerri G and Fossel, Anne H and Katz, Jeffrey N},
  journal={The Journal of bone and joint surgery. American volume},
  volume={75},
  number={11},
  pages={1585--1592},
  year={1993}
}
@mastersthesis{kurt2020karpal,
  title={Karpal t{"u}nel sendrom hastalar{\i}nda bilateral ince motor beceri, skapular diskinezi, hareket korkusu ve fonksiyonun sa{\u{g}}l{\i}kl{\i}larla kar{\c{s}}{\i}la{\c{s}}t{\i}r{\i}lmas{\i}},
  author={Kurt, Aslihan},
  year={2020},
  school={Sa{\u{g}}l{\i}k Bilimleri Enstit{"u}s{"u}}
}
@article{kumacs2005idiyopatik,
  title={{.I}diyopatik karpal t{"u}nel sendromu tedavisinde terap{"o}tik ultrason, steroid enjeksiyonu ve splint kullan{\i}m{\i}n{\i}n etkinli{\u{g}}inin randimize kontroll{"u} ara{\c{s}}t{\i}r{\i}lmas{\i}},
  author={Kuma{\c{s}}, Ferda Firdin},
  year={2005},
  publisher={Uluda{\u{g}} {"U}niversitesi}
}
@article{werner2002carpal,
  title={Carpal tunnel syndrome: pathophysiology and clinical neurophysiology},
  author={Werner, Robert A and Andary, Michael},
  journal={Clinical Neurophysiology},
  volume={113},
  number={9},
  pages={1373--1381},
  year={2002},
  publisher={Elsevier}
}
@article{history1988,
  title={The history of carpal tunnnel syndrome},
  author={Pfeffer, GB and Gelberman, RH and Boyes, JH and Rydevik, B},
  journal={The Journal of Hand Surgery: British \& European Volume},
  volume={13},
  number={1},
  pages={28--34},
  year={1988},
  publisher={Elsevier}
}
@article{kts_bagatur,
  title={Karpal Tünel Sendromu},
  author={A. Erdem Bagatur},
  journal={Türkiye Klinikleri J Surg Med Sci.},
  volume={2},
  number={17},
  pages={52-63},
  year={2006},
  publisher={Elsevier}
}
@article{1995love,
  title={Median neuritis or carpal tunnel syndrome; diagnosis and treatment},
  author={Love, JG},
  journal={North Carolina medical journal},
  volume={16},
  number={10},
  pages={463--469},
  year={1955}
}
@article{robbins1963anatomical,
  title={Anatomical study of the median nerve in the carpal tunnel and etiologies of the carpal-tunnel syndrome},
  author={Robbins, Herman},
  journal={JBJS},
  volume={45},
  number={5},
  pages={953--966},
  year={1963},
  publisher={LWW}
}
@article{aroori77carpal,
  title={Carpal Tunnel Syndrome},
  author={Aroori, S and Spence, RAJ},
  journal={The Ulster Medical Society},
  volume={77},
  pages={1--17},
  year={2008}
}
@article{ghasemi2014handy,
  title={A handy review of carpal tunnel syndrome: From anatomy to diagnosis and treatment},
  author={Ghasemi-Rad, Mohammad and Nosair, Emad and Vegh, Andrea and Mohammadi, Afshin and Akkad, Adam and Lesha, Emal and Mohammadi, Mohammad Hossein and Sayed, Doaa and Davarian, Ali and Maleki-Miyandoab, Tooraj and others},
  journal={World journal of radiology},
  volume={6},
  number={6},
  pages={284},
  year={2014},
  publisher={Baishideng Publishing Group Inc}
}
@article{park2021machine,
  title={Machine learning-based approach for disease severity classification of carpal tunnel syndrome},
  author={Park, Dougho and Kim, Byung Hee and Lee, Sang-Eok and Kim, Dong Young and Kim, Mansu and Kwon, Heum Dai and Kim, Mun-Chul and Kim, Ae Ryoung and Kim, Hyoung Seop and Lee, Jang Woo},
  journal={Scientific Reports},
  volume={11},
  number={1},
  pages={1--10},
  year={2021},
  publisher={Nature Publishing Group}
}
@article{ardakani2020diagnosis,
  title={Diagnosis of carpal tunnel syndrome: A comparative study of shear wave elastography, morphometry and artificial intelligence techniques},
  author={Ardakani, Ali Abbasian and Afshar, Ahmadreza and Bhatt, Shweta and Bureau, Nathalie J and Tahmasebi, Aylin and Acharya, U Rajendra and Mohammadi, Afshin},
  journal={Pattern Recognition Letters},
  volume={133},
  pages={77--85},
  year={2020},
  publisher={Elsevier}
}
@article{koyama2021screening,
  title={A Screening Method Using Anomaly Detection on a Smartphone for Patients With Carpal Tunnel Syndrome: Diagnostic Case-Control Study},
  author={Koyama, Takafumi and Sato, Shusuke and Toriumi, Madoka and Watanabe, Takuro and Nimura, Akimoto and Okawa, Atsushi and Sugiura, Yuta and Fujita, Koji},
  journal={JMIR mHealth and uHealth},
  volume={9},
  number={3},
  pages={e26320},
  year={2021},
  publisher={JMIR Publications Inc., Toronto, Canada}
}
@article{sezgi2006assessment,
  title={Assessment of symptom severity and functional status in patients with carpal tunnel syndrome: reliability and validity of the Turkish version of the Boston Questionnaire},
  author={Sezgin, Melek and {.I}ncel, Nurg{"u}l Arinci and Sevi˙ m, Serhan and {\c{C}}amdevi˙ ren, Handan and As, {.I}smet and Erdo{\u{G}}an, Canan},
  journal={Disability and rehabilitation},
  volume={28},
  number={20},
  pages={1281--1286},
  year={2006},
  publisher={Taylor & Francis}
}
@article{breiman1991,
  title={1 RANDOM FORESTS--RANDOM FEATURES},
  author={Breiman, Leo},
  year={1999},
  publisher={Citeseer}
}
@book{breimanclassification,
  title={Classification and Regression Trees. 1984 Monterey, CA Wadsworth \& Brooks},
  author={Breiman, L and Friedman, J and Olshen, R and Stone, CJ},
  journal={Cole Advanced Books \& Software Google Scholar}
}
@book{quinlan2014c4,
  title={C4. 5: programs for machine learning},
  author={Quinlan, J Ross},
  year={2014},
  publisher={Elsevier}
}
@online{tibco,
  author = {TIBCO},
  title = {Rassal Ormanlar Modeli},
  url = {https://www.tibco.com/reference-center/what-is-a-random-forest},
  urldate = {2022-04-13}
}